@misc{scalalang,
  author = {École Polytechnique Fédérale de Lausanne},
  title = {{The Scala Programming Language}},
  howpublished = "\url{http://scala-lang.org/}",
  year = {2002-2013 }, 
  note = "[Online; zuletzt abgerufen am \today]"
}
@misc{code,
  author = {Florian Wilhelm},
  title = {{Code der Seminararbeit}},
  howpublished = "\url{https://github.com/sputnik27/hska-seminararbeit}",
  year = { 2014 }, 
  note = "[Online; zuletzt abgerufen am \today]"
}
