@misc{scalalang,
  author = {École Polytechnique Fédérale de Lausanne},
  title = {{The Scala Programming Language}},
  howpublished = "\url{http://scala-lang.org/}",
  year = {2002-2013 }, 
  note = "[Online; zuletzt abgerufen am \today]"
}
@misc{sip14,
  author = {Philipp Haller, Aleksandar Prokopec, Heather Miller},
  title = {{SIP-14 - Futures and Promises}},
  howpublished = "\url{http://docs.scala-lang.org/sips/completed/futures-promises.html}",
  year = {2013 },
  note = "[Online; zuletzt abgerufen am \today]"
}
@misc{code,
  author = {Florian Wilhelm},
  title = {{Code der Seminararbeit}},
  howpublished = "\url{https://github.com/sputnik27/hska-seminararbeit}",
  year = { 2014 }, 
  note = "[Online; zuletzt abgerufen am \today]"
}
@mastersthesis{Wilhelm13,
    author = {Florian Wilhelm},
    title = {Implementierung eines Auktionshauses mit Aktoren in Scala},
    school = {Hochschule Karlsruhe - Technik und Wirtschaft},
    address = {Moltkestraße 30, 76133 Karlsruhe},
    year = {2013},
	  type = {Projektarbeit}
}
@misc{scalaInEnterprise,
  author = {École Polytechnique Fédérale de Lausanne},
  title = {{Scala in the Enterprise}},
  howpublished = "\url{http://www.scala-lang.org/old/node/1658.html}",
  year = {2009 }, 
  note = "[Online; zuletzt abgerufen am \today]"
}
